<?xml version="1.0" encoding="UTF-8"?><collection xmlns="http://www.loc.gov/MARC21/slim"><record><leader>00409nam--2200133-i-4500</leader><controlfield tag="001">000013906</controlfield><controlfield tag="002">20161230</controlfield><controlfield tag="005">20161230201030</controlfield><controlfield tag="008">060222s1000------------r-----000-0-eng-d</controlfield><datafield ind1=" " ind2=" " tag="080"><subfield code="a">551.466(01)</subfield></datafield><datafield ind1=" " ind2=" " tag="100"><subfield code="a">Cooper, W.W. And Charnes A</subfield></datafield><datafield ind1=" " ind2=" " tag="245"><subfield code="a">Commission permanente des marees terestres. bibliographie iv 1966-1969</subfield></datafield><datafield ind1=" " ind2=" " tag="260"><subfield code="a">Bruxelles, Association Internationale De Geode Sie, 1969. 234 P</subfield></datafield><datafield ind1=" " ind2=" " tag="852"><subfield code="a">48109</subfield></datafield></record></collection>